@article{beveridge2016network,
  title={Network of thrones},
  author={Beveridge, Andrew and Shan, Jie},
  journal={Math Horizons},
  volume={23},
  number={4},
  pages={18--22},
  year={2016},
  publisher={Taylor \& Francis}
}
